
<record>
  <leader>01963cam a2200421 i 4500</leader>
  <controlfield tag="001">19548001</controlfield>
  <controlfield tag="005">20200103150553.0</controlfield>
  <controlfield tag="008">170303s2016    gw            001 0 ger  </controlfield>
  <datafield tag="906" ind1=" " ind2=" ">
    <subfield code="a">7</subfield>
    <subfield code="b">cbc</subfield>
    <subfield code="c">origres</subfield>
    <subfield code="d">1</subfield>
    <subfield code="e">ncip</subfield>
    <subfield code="f">20</subfield>
    <subfield code="g">y-gencatlg</subfield>
  </datafield>
  <datafield tag="925" ind1="0" ind2=" ">
    <subfield code="a">acquire</subfield>
    <subfield code="b">1 shelf copy</subfield>
    <subfield code="x">policy default</subfield>
  </datafield>
  <datafield tag="955" ind1=" " ind2=" ">
    <subfield code="b">fd10 2017-04-11</subfield>
    <subfield code="a">xg00 2017-04-13 to USPL/LAW</subfield>
    <subfield code="i">xg06 2017-04-13</subfield>
    <subfield code="e">xg06 2017-04-13 to LL GLOBAL</subfield>
    <subfield code="a">xg00 2017-04-13 LOGOUT</subfield>
  </datafield>
  <datafield tag="010" ind1=" " ind2=" ">
    <subfield code="a">  2017377164</subfield>
  </datafield>
  <datafield tag="020" ind1=" " ind2=" ">
    <subfield code="a">9783846206652 (pbk.)</subfield>
  </datafield>
  <datafield tag="020" ind1=" " ind2=" ">
    <subfield code="a">3846206652 (pbk.)</subfield>
  </datafield>
  <datafield tag="020" ind1=" " ind2=" ">
    <subfield code="z">9783846206669 (online)</subfield>
  </datafield>
  <datafield tag="035" ind1=" " ind2=" ">
    <subfield code="a">(GyWOH)har160240883</subfield>
  </datafield>
  <datafield tag="040" ind1=" " ind2=" ">
    <subfield code="a">DLC</subfield>
    <subfield code="b">eng</subfield>
    <subfield code="c">DLC</subfield>
    <subfield code="e">rda</subfield>
  </datafield>
  <datafield tag="042" ind1=" " ind2=" ">
    <subfield code="a">pcc</subfield>
  </datafield>
  <datafield tag="043" ind1=" " ind2=" ">
    <subfield code="a">e-gx---</subfield>
  </datafield>
  <datafield tag="050" ind1="0" ind2="0">
    <subfield code="a">KK3445.A271971</subfield>
    <subfield code="b">B33 2016</subfield>
  </datafield>
  <datafield tag="110" ind1="1" ind2=" ">
    <subfield code="a">Germany,</subfield>
    <subfield code="e">enacting jurisdiction.</subfield>
  </datafield>
  <datafield tag="245" ind1="1" ind2="0">
    <subfield code="a">Bundesausbildungsförderungsgesetz  :</subfield>
    <subfield code="b">mit Erläuterungen : Verwaltungsvorschriften, Rechtsverordnungen, Nebengesetze unter Berücksichtigung der Rechtsprechung /</subfield>
    <subfield code="c">herausgegeben vom Deutschen Studentenwerk ; begründet von Horst Bachmann ; bearbeitet von Rechtsanwalt Bernhard Börsel (Deutsches Studentenwerk, Endredaktion) sowie Rechtsanwalt Nicolai Preusse (Mitwirkung) und Ass. jur. Matthias Müller (Leiter der Abteilung Ausbildungsförderung beim Studentenwerk Halle).</subfield>
  </datafield>
  <datafield tag="246" ind1="1" ind2="4">
    <subfield code="a">Bafög</subfield>
  </datafield>
  <datafield tag="250" ind1=" " ind2=" ">
    <subfield code="a">26., komplett überarbeitete Auflage, Rechtsstand: August 2016.</subfield>
  </datafield>
  <datafield tag="264" ind1=" " ind2="1">
    <subfield code="a">Köln :</subfield>
    <subfield code="b">Bundesanzeiger Verlag,</subfield>
    <subfield code="c">[2016]</subfield>
  </datafield>
  <datafield tag="300" ind1=" " ind2=" ">
    <subfield code="a">xxii, 740 pages ;</subfield>
    <subfield code="c">19 cm.</subfield>
  </datafield>
  <datafield tag="336" ind1=" " ind2=" ">
    <subfield code="a">text</subfield>
    <subfield code="2">rdacontent</subfield>
  </datafield>
  <datafield tag="337" ind1=" " ind2=" ">
    <subfield code="a">unmediated</subfield>
    <subfield code="2">rdamedia</subfield>
  </datafield>
  <datafield tag="338" ind1=" " ind2=" ">
    <subfield code="a">volume</subfield>
    <subfield code="2">rdacarrier</subfield>
  </datafield>
  <datafield tag="490" ind1="0" ind2=" ">
    <subfield code="a">Europa, Staat, Verwaltung</subfield>
  </datafield>
  <datafield tag="500" ind1=" " ind2=" ">
    <subfield code="a">Errata slip laid in.</subfield>
  </datafield>
  <datafield tag="500" ind1=" " ind2=" ">
    <subfield code="a">Includes index.</subfield>
  </datafield>
  <datafield tag="650" ind1=" " ind2="0">
    <subfield code="a">Student aid</subfield>
    <subfield code="x">Law and legislation</subfield>
    <subfield code="z">Germany.</subfield>
  </datafield>
  <datafield tag="650" ind1=" " ind2="0">
    <subfield code="a">Federal aid to education</subfield>
    <subfield code="z">Germany.</subfield>
  </datafield>
  <datafield tag="700" ind1="1" ind2=" ">
    <subfield code="a">Börsel, Bernhard,</subfield>
    <subfield code="e">writer of added commentary.</subfield>
  </datafield>
  <datafield tag="700" ind1="1" ind2=" ">
    <subfield code="a">Preusse, Nicolai,</subfield>
    <subfield code="e">writer of added commentary.</subfield>
  </datafield>
  <datafield tag="710" ind1="2" ind2=" ">
    <subfield code="a">Deutsches Studentenwerk,</subfield>
    <subfield code="e">editor.</subfield>
  </datafield>
  <datafield tag="923" ind1=" " ind2=" ">
    <subfield code="d">20170303</subfield>
    <subfield code="n">0132484</subfield>
    <subfield code="s">GyWOH</subfield>
  </datafield>
</record>