
<record>
  <leader>03483cam a22004937i 4500</leader>
  <controlfield tag="001">19550013</controlfield>
  <controlfield tag="005">20200103151123.0</controlfield>
  <controlfield tag="008">170313s2016    ua af    b    001 0 eng c</controlfield>
  <datafield tag="906" ind1=" " ind2=" ">
    <subfield code="a">7</subfield>
    <subfield code="b">cbc</subfield>
    <subfield code="c">pccadap</subfield>
    <subfield code="d">4</subfield>
    <subfield code="e">ncip</subfield>
    <subfield code="f">20</subfield>
    <subfield code="g">y-gencatlg</subfield>
  </datafield>
  <datafield tag="925" ind1="0" ind2=" ">
    <subfield code="a">acquire</subfield>
    <subfield code="b">1 shelf copy</subfield>
    <subfield code="x">policy default</subfield>
  </datafield>
  <datafield tag="955" ind1=" " ind2=" ">
    <subfield code="a">vl34 2017-03-13 z-client</subfield>
    <subfield code="b">vl34 2017-03-13</subfield>
    <subfield code="a">vl31 2017-09-18 to USAHS/ART</subfield>
    <subfield code="h">ti66 2019-05-02 to CALM</subfield>
  </datafield>
  <datafield tag="010" ind1=" " ind2=" ">
    <subfield code="a">  2016564597</subfield>
  </datafield>
  <datafield tag="020" ind1=" " ind2=" ">
    <subfield code="a">9789774166976</subfield>
  </datafield>
  <datafield tag="020" ind1=" " ind2=" ">
    <subfield code="a">9774166973</subfield>
  </datafield>
  <datafield tag="035" ind1=" " ind2=" ">
    <subfield code="a">(OCoLC)ocn967837672</subfield>
  </datafield>
  <datafield tag="035" ind1=" " ind2=" ">
    <subfield code="a">(OCoLC)967837672</subfield>
    <subfield code="z">(OCoLC)898926579</subfield>
  </datafield>
  <datafield tag="040" ind1=" " ind2=" ">
    <subfield code="a">ERASA</subfield>
    <subfield code="b">eng</subfield>
    <subfield code="e">rda</subfield>
    <subfield code="c">ERASA</subfield>
    <subfield code="d">NOC</subfield>
    <subfield code="d">YDX</subfield>
    <subfield code="d">OCLCF</subfield>
    <subfield code="d">BTCTA</subfield>
    <subfield code="d">BDX</subfield>
    <subfield code="d">DLC</subfield>
  </datafield>
  <datafield tag="043" ind1=" " ind2=" ">
    <subfield code="a">f-ua---</subfield>
  </datafield>
  <datafield tag="050" ind1="0" ind2="0">
    <subfield code="a">MLCM 2019/41885 (B)</subfield>
  </datafield>
  <datafield tag="100" ind1="1" ind2=" ">
    <subfield code="a">Ḥadīdī, Hājir,</subfield>
    <subfield code="e">author.</subfield>
  </datafield>
  <datafield tag="245" ind1="1" ind2="0">
    <subfield code="a">Zar :</subfield>
    <subfield code="b">spirit possession, music, and healing rituals in Egypt /</subfield>
    <subfield code="c">Hager El Hadidi ; photographs by Ikhlas Abbis.</subfield>
  </datafield>
  <datafield tag="264" ind1=" " ind2="1">
    <subfield code="a">Cairo :</subfield>
    <subfield code="a">New York :</subfield>
    <subfield code="b">The American University in Cairo Press,</subfield>
    <subfield code="c">[2016]</subfield>
  </datafield>
  <datafield tag="300" ind1=" " ind2=" ">
    <subfield code="a">xi, 180 pages, 8 unnumbered pages of plates :</subfield>
    <subfield code="b">color illustrations ;</subfield>
    <subfield code="c">24 cm</subfield>
  </datafield>
  <datafield tag="336" ind1=" " ind2=" ">
    <subfield code="a">text</subfield>
    <subfield code="b">txt</subfield>
    <subfield code="2">rdacontent</subfield>
  </datafield>
  <datafield tag="337" ind1=" " ind2=" ">
    <subfield code="a">unmediated</subfield>
    <subfield code="b">n</subfield>
    <subfield code="2">rdamedia</subfield>
  </datafield>
  <datafield tag="338" ind1=" " ind2=" ">
    <subfield code="a">volume</subfield>
    <subfield code="b">nc</subfield>
    <subfield code="2">rdacarrier</subfield>
  </datafield>
  <datafield tag="500" ind1=" " ind2=" ">
    <subfield code="a">Minimal Level Cataloging Plus.</subfield>
    <subfield code="5">DLC</subfield>
  </datafield>
  <datafield tag="504" ind1=" " ind2=" ">
    <subfield code="a">Includes bibliographical references (pages 161-171) and index.</subfield>
  </datafield>
  <datafield tag="520" ind1="8" ind2=" ">
    <subfield code="a">&quot;Zar is both a possessing spirit and a set of reconciliation rites between the spirits and their human hosts: living in a parallel yet invisible world, the capricious spirits manifest their anger by causing ailments for their hosts, which require ritual reconciliation, a private sacrificial rite practiced routinely by the afflicted devotees. Originally spread from Ethiopia to the Red Sea and the Arabian Gulf through the nineteenth-century slave trade, in Egypt zar has incorporated elements from popular Islamic Sufi practices, including devotion to Christian and Muslim saints. The ceremonies initiate devotees-the majority of whom are Muslim women-into a community centered on a cult leader, a membership that provides them with moral orientation, social support, and a sense of belonging. Practicing zar rituals, dancing to zar songs, and experiencing trance restore their well-being, which had been compromised by gender asymmetry and globalization.This new ethnographic study of zar in Egypt is based on the author&apos;s two years of multi-sited fieldwork and firsthand knowledge as a participant, and her collection and analysis of more than three hundred zar songs, allowing her to access levels of meaning that had previously been overlooked. The result is a comprehensive and accessible exposition of the history, culture, and waning practice of zar in a modernizing world&quot;--Front flap of book jacket.</subfield>
  </datafield>
  <datafield tag="650" ind1=" " ind2="0">
    <subfield code="a">Zār</subfield>
    <subfield code="z">Egypt.</subfield>
  </datafield>
  <datafield tag="650" ind1=" " ind2="0">
    <subfield code="a">Spiritual healing</subfield>
    <subfield code="z">Egypt.</subfield>
  </datafield>
  <datafield tag="650" ind1=" " ind2="0">
    <subfield code="a">Medicine, Magic, mystic, and spagiric</subfield>
    <subfield code="z">Egypt.</subfield>
  </datafield>
  <datafield tag="650" ind1=" " ind2="0">
    <subfield code="a">Spirit possession</subfield>
    <subfield code="z">Egypt.</subfield>
  </datafield>
  <datafield tag="650" ind1=" " ind2="0">
    <subfield code="a">Music</subfield>
    <subfield code="z">Egypt</subfield>
    <subfield code="x">Religious aspects.</subfield>
  </datafield>
  <datafield tag="650" ind1=" " ind2="0">
    <subfield code="a">Healing</subfield>
    <subfield code="x">Religious aspects.</subfield>
  </datafield>
  <datafield tag="650" ind1=" " ind2="7">
    <subfield code="a">Healing</subfield>
    <subfield code="x">Religious aspects.</subfield>
    <subfield code="2">fast</subfield>
    <subfield code="0">(OCoLC)fst00952712</subfield>
  </datafield>
  <datafield tag="650" ind1=" " ind2="7">
    <subfield code="a">Medicine, Magic, mystic, and spagiric.</subfield>
    <subfield code="2">fast</subfield>
    <subfield code="0">(OCoLC)fst01015272</subfield>
  </datafield>
  <datafield tag="650" ind1=" " ind2="7">
    <subfield code="a">Music</subfield>
    <subfield code="x">Religious aspects.</subfield>
    <subfield code="2">fast</subfield>
    <subfield code="0">(OCoLC)fst01030421</subfield>
  </datafield>
  <datafield tag="650" ind1=" " ind2="7">
    <subfield code="a">Spirit possession.</subfield>
    <subfield code="2">fast</subfield>
    <subfield code="0">(OCoLC)fst01130054</subfield>
  </datafield>
  <datafield tag="650" ind1=" " ind2="7">
    <subfield code="a">Spiritual healing.</subfield>
    <subfield code="2">fast</subfield>
    <subfield code="0">(OCoLC)fst01130087</subfield>
  </datafield>
  <datafield tag="650" ind1=" " ind2="7">
    <subfield code="a">Zār.</subfield>
    <subfield code="2">fast</subfield>
    <subfield code="0">(OCoLC)fst01185007</subfield>
  </datafield>
  <datafield tag="651" ind1=" " ind2="7">
    <subfield code="a">Egypt.</subfield>
    <subfield code="2">fast</subfield>
    <subfield code="0">(OCoLC)fst01208755</subfield>
  </datafield>
  <datafield tag="700" ind1="1" ind2=" ">
    <subfield code="a">Abbis, Ikhlas,</subfield>
    <subfield code="e">photography.</subfield>
  </datafield>
  <datafield tag="985" ind1=" " ind2=" ">
    <subfield code="e">English (SS/Tech) Contract</subfield>
  </datafield>
</record>