
<record>
  <leader>03442cam a2200541 i 4500</leader>
  <controlfield tag="001">19561166</controlfield>
  <controlfield tag="005">20200103150919.0</controlfield>
  <controlfield tag="008">170306s2017    ru acf   b    010 0brus c</controlfield>
  <datafield tag="906" ind1=" " ind2=" ">
    <subfield code="a">7</subfield>
    <subfield code="b">cbc</subfield>
    <subfield code="c">pccadap</subfield>
    <subfield code="d">3</subfield>
    <subfield code="e">ncip</subfield>
    <subfield code="f">20</subfield>
    <subfield code="g">y-nonroman</subfield>
  </datafield>
  <datafield tag="925" ind1="0" ind2=" ">
    <subfield code="a">acquire</subfield>
    <subfield code="b">1 shelf copy</subfield>
    <subfield code="x">policy default</subfield>
  </datafield>
  <datafield tag="955" ind1=" " ind2=" ">
    <subfield code="b">fe15 2017-04-20 telework to cat.</subfield>
    <subfield code="a">fe00 2017-04-28 to GS/RUS</subfield>
    <subfield code="b">fe08 2019-12-18 z-processor</subfield>
    <subfield code="i">fe08 2019-12-19 telework to CALM</subfield>
  </datafield>
  <datafield tag="010" ind1=" " ind2=" ">
    <subfield code="a">  2016513186</subfield>
  </datafield>
  <datafield tag="020" ind1=" " ind2=" ">
    <subfield code="a">9785883730527</subfield>
    <subfield code="q">(hardcover)</subfield>
  </datafield>
  <datafield tag="020" ind1=" " ind2=" ">
    <subfield code="a">5883730523</subfield>
    <subfield code="q">(hardcover)</subfield>
  </datafield>
  <datafield tag="035" ind1=" " ind2=" ">
    <subfield code="a">(OCoLC)ocn988588054</subfield>
  </datafield>
  <datafield tag="040" ind1=" " ind2=" ">
    <subfield code="a">COO</subfield>
    <subfield code="b">eng</subfield>
    <subfield code="e">rda</subfield>
    <subfield code="c">COO</subfield>
    <subfield code="d">UIU</subfield>
    <subfield code="d">YUS</subfield>
    <subfield code="d">OCLCO</subfield>
    <subfield code="d">IUL</subfield>
    <subfield code="d">OCLCF</subfield>
    <subfield code="d">OCLCA</subfield>
    <subfield code="d">NOC</subfield>
    <subfield code="d">UKMGB</subfield>
    <subfield code="d">OCL</subfield>
    <subfield code="d">OCLCA</subfield>
    <subfield code="d">OCLCQ</subfield>
    <subfield code="d">OCLCO</subfield>
    <subfield code="d">DLC</subfield>
  </datafield>
  <datafield tag="042" ind1=" " ind2=" ">
    <subfield code="a">pcc</subfield>
  </datafield>
  <datafield tag="043" ind1=" " ind2=" ">
    <subfield code="a">e-ru---</subfield>
  </datafield>
  <datafield tag="050" ind1="0" ind2="0">
    <subfield code="a">BD166</subfield>
    <subfield code="b">.Z44 2017</subfield>
  </datafield>
  <datafield tag="066" ind1=" " ind2=" ">
    <subfield code="c">(N</subfield>
  </datafield>
  <datafield tag="245" ind1="0" ind2="0">
    <subfield code="6">880-01</subfield>
    <subfield code="a">Zhiznʹ, otdannai︠a︡ nauke :</subfield>
    <subfield code="b">tvorcheskoe nasledie, vospominanii︠a︡, dokumenty : k 90-letii︠u︡ I︠U︡rii︠a︡ Konstantinovicha Pletnikova, doktora filosofskikh nauk, professora /</subfield>
    <subfield code="c">nauch. red. I︠U︡.V. Oleĭnikov.</subfield>
  </datafield>
  <datafield tag="880" ind1="0" ind2="0">
    <subfield code="6">245-01/(N</subfield>
    <subfield code="a">Жизнь, отданная науке :</subfield>
    <subfield code="b">творческое наследие, воспоминания, документы : к 90-летию Юрия Константиновича Плетникова, доктора философских наук, профессора /</subfield>
    <subfield code="c">науч. ред. Ю.В. Олейников.</subfield>
  </datafield>
  <datafield tag="264" ind1=" " ind2="1">
    <subfield code="6">880-02</subfield>
    <subfield code="a">Moskva :</subfield>
    <subfield code="b">Kanon+,</subfield>
    <subfield code="c">2017.</subfield>
  </datafield>
  <datafield tag="880" ind1=" " ind2="1">
    <subfield code="6">264-02/(N</subfield>
    <subfield code="a">Москва :</subfield>
    <subfield code="b">Канон+,</subfield>
    <subfield code="c">2017.</subfield>
  </datafield>
  <datafield tag="300" ind1=" " ind2=" ">
    <subfield code="a">391 pages, 16 unnumbered pages of plates :</subfield>
    <subfield code="b">illustrations, portraits ;</subfield>
    <subfield code="c">21 cm</subfield>
  </datafield>
  <datafield tag="336" ind1=" " ind2=" ">
    <subfield code="a">text</subfield>
    <subfield code="b">txt</subfield>
    <subfield code="2">rdacontent</subfield>
  </datafield>
  <datafield tag="337" ind1=" " ind2=" ">
    <subfield code="a">unmediated</subfield>
    <subfield code="b">n</subfield>
    <subfield code="2">rdamedia</subfield>
  </datafield>
  <datafield tag="338" ind1=" " ind2=" ">
    <subfield code="a">volume</subfield>
    <subfield code="b">nc</subfield>
    <subfield code="2">rdacarrier</subfield>
  </datafield>
  <datafield tag="500" ind1=" " ind2=" ">
    <subfield code="6">880-03</subfield>
    <subfield code="a">At head of title: Rossiĭskai︠a︡ akademii︠a︡ nauk. Institut filosofii.</subfield>
  </datafield>
  <datafield tag="880" ind1=" " ind2=" ">
    <subfield code="6">500-03/(N</subfield>
    <subfield code="a">At head of title: Российская академия наук. Институт философии.</subfield>
  </datafield>
  <datafield tag="500" ind1=" " ind2=" ">
    <subfield code="6">880-04</subfield>
    <subfield code="a">&quot;Nauchnoe izdanie&quot;--Colophon.</subfield>
  </datafield>
  <datafield tag="880" ind1=" " ind2=" ">
    <subfield code="6">500-04/(N</subfield>
    <subfield code="a">&quot;Научное издание&quot;--Colophon.</subfield>
  </datafield>
  <datafield tag="505" ind1="2" ind2=" ">
    <subfield code="6">880-05</subfield>
    <subfield code="a">Chastʹ I. Zhiznennyĭ putʹ I︠U︡.K. Pletnikova -- Chastʹ II. Izbrannye raboty tvorcheskogo nasledii︠a︡ I︠U︡.K. Pletnikova -- Chastʹ III. Vospominanii︠a︡ o I︠U︡.K. Pletnikove.</subfield>
  </datafield>
  <datafield tag="880" ind1="2" ind2=" ">
    <subfield code="6">505-05/(N</subfield>
    <subfield code="a">Часть I. Жизненный путь Ю.К. Плетникова -- Часть II. Избранные работы творческого наследия Ю.К. Плетникова -- Часть III. Воспоминания о Ю.К. Плетникове.</subfield>
  </datafield>
  <datafield tag="504" ind1=" " ind2=" ">
    <subfield code="a">Includes bibliographical references.</subfield>
  </datafield>
  <datafield tag="504" ind1=" " ind2=" ">
    <subfield code="a">Includes bibliography of selected works by Pletnikov (pages 389-391).</subfield>
  </datafield>
  <datafield tag="600" ind1="1" ind2="0">
    <subfield code="a">Pletnikov, I︠U︡. K.</subfield>
    <subfield code="q">(I︠U︡riĭ Konstantinovich)</subfield>
  </datafield>
  <datafield tag="650" ind1=" " ind2="0">
    <subfield code="a">Philosophers</subfield>
    <subfield code="z">Russia (Federation)</subfield>
    <subfield code="v">Biography.</subfield>
  </datafield>
  <datafield tag="650" ind1=" " ind2="0">
    <subfield code="a">Socialism.</subfield>
  </datafield>
  <datafield tag="650" ind1=" " ind2="0">
    <subfield code="a">Philosophy, Marxist.</subfield>
  </datafield>
  <datafield tag="650" ind1=" " ind2="0">
    <subfield code="a">Knowledge, Theory of.</subfield>
  </datafield>
  <datafield tag="650" ind1=" " ind2="0">
    <subfield code="a">Social history</subfield>
    <subfield code="x">Philosophy.</subfield>
  </datafield>
  <datafield tag="650" ind1=" " ind2="0">
    <subfield code="a">Sociology.</subfield>
  </datafield>
  <datafield tag="700" ind1="1" ind2=" ">
    <subfield code="a">Pletnikov, I︠U︡. K.</subfield>
    <subfield code="q">(I︠U︡riĭ Konstantinovich),</subfield>
    <subfield code="e">honouree.</subfield>
  </datafield>
  <datafield tag="700" ind1="1" ind2=" ">
    <subfield code="a">Oleĭnikov, I︠U︡. V.</subfield>
    <subfield code="q">(I︠U︡riĭ Vasilʹevich),</subfield>
    <subfield code="e">editor,</subfield>
    <subfield code="e">writer of introduction.</subfield>
  </datafield>
  <datafield tag="700" ind1="1" ind2="2">
    <subfield code="i">Container of:</subfield>
    <subfield code="a">Pletnikov, I︠U︡. K.</subfield>
    <subfield code="q">(I︠U︡riĭ Konstantinovich).</subfield>
    <subfield code="t">Works.</subfield>
    <subfield code="k">Selections.</subfield>
    <subfield code="f">2017.</subfield>
  </datafield>
  <datafield tag="710" ind1="2" ind2=" ">
    <subfield code="a">Institut filosofii (Rossiĭskai︠a︡ akademii︠a︡ nauk),</subfield>
    <subfield code="e">issuing body.</subfield>
  </datafield>
  <datafield tag="923" ind1=" " ind2=" ">
    <subfield code="d">20170306</subfield>
    <subfield code="n">10192358</subfield>
    <subfield code="s">RuMoEVIS</subfield>
  </datafield>
</record>