
<record>
  <leader>01440cam a22003137i 4500</leader>
  <controlfield tag="001">19564683</controlfield>
  <controlfield tag="005">20200103151131.0</controlfield>
  <controlfield tag="008">170321s2016    mx            000 1 spa  </controlfield>
  <datafield tag="906" ind1=" " ind2=" ">
    <subfield code="a">7</subfield>
    <subfield code="b">cbc</subfield>
    <subfield code="c">origres</subfield>
    <subfield code="d">4</subfield>
    <subfield code="e">ncip</subfield>
    <subfield code="f">20</subfield>
    <subfield code="g">y-gencatlg</subfield>
  </datafield>
  <datafield tag="925" ind1="0" ind2=" ">
    <subfield code="a">acquire</subfield>
    <subfield code="b">1 shelf copy</subfield>
    <subfield code="x">policy default</subfield>
  </datafield>
  <datafield tag="955" ind1=" " ind2=" ">
    <subfield code="b">bf27 2017-03-21 z-processor to ALAWE/MCAC</subfield>
    <subfield code="b">bf03 2017-04-17</subfield>
    <subfield code="h">bf03 2017-04-17 to shelf</subfield>
  </datafield>
  <datafield tag="010" ind1=" " ind2=" ">
    <subfield code="a">  2016514605</subfield>
  </datafield>
  <datafield tag="020" ind1=" " ind2=" ">
    <subfield code="a">9786078098842</subfield>
    <subfield code="q">(Editorial Paraíso Perdido)</subfield>
  </datafield>
  <datafield tag="020" ind1=" " ind2=" ">
    <subfield code="a">6078098845</subfield>
    <subfield code="q">(Editorial Paraíso Perdido)</subfield>
  </datafield>
  <datafield tag="020" ind1=" " ind2=" ">
    <subfield code="a">9786077598985</subfield>
    <subfield code="q">(Instituto Sonorense de Cultura)</subfield>
  </datafield>
  <datafield tag="020" ind1=" " ind2=" ">
    <subfield code="a">6077598984</subfield>
    <subfield code="q">(Instituto Sonorense de Cultura)</subfield>
  </datafield>
  <datafield tag="035" ind1=" " ind2=" ">
    <subfield code="a">(OCoLC)ocn969787344</subfield>
  </datafield>
  <datafield tag="040" ind1=" " ind2=" ">
    <subfield code="a">DLC</subfield>
    <subfield code="b">eng</subfield>
    <subfield code="e">rda</subfield>
    <subfield code="c">DLC</subfield>
  </datafield>
  <datafield tag="050" ind1="0" ind2="0">
    <subfield code="a">MLCS 2017/43066 (P)</subfield>
  </datafield>
  <datafield tag="100" ind1="1" ind2=" ">
    <subfield code="a">Uribares, Eric,</subfield>
    <subfield code="e">author.</subfield>
  </datafield>
  <datafield tag="240" ind1="1" ind2="0">
    <subfield code="a">Short stories.</subfield>
    <subfield code="k">Selections</subfield>
  </datafield>
  <datafield tag="245" ind1="1" ind2="4">
    <subfield code="a">Las conspiraciones fallidas /</subfield>
    <subfield code="c">Eric Uribares.</subfield>
  </datafield>
  <datafield tag="264" ind1=" " ind2="1">
    <subfield code="a">Hermosillo, México :</subfield>
    <subfield code="b">Instituto Sonorense de Cultura ;</subfield>
    <subfield code="a">Guadalajara, México :</subfield>
    <subfield code="b">Editorial Paraíso Perdido,</subfield>
    <subfield code="c">2016.</subfield>
  </datafield>
  <datafield tag="300" ind1=" " ind2=" ">
    <subfield code="a">122 pages ;</subfield>
    <subfield code="c">21 cm.</subfield>
  </datafield>
  <datafield tag="336" ind1=" " ind2=" ">
    <subfield code="a">text</subfield>
    <subfield code="b">txt</subfield>
    <subfield code="2">rdacontent</subfield>
  </datafield>
  <datafield tag="337" ind1=" " ind2=" ">
    <subfield code="a">unmediated</subfield>
    <subfield code="b">n</subfield>
    <subfield code="2">rdamedia</subfield>
  </datafield>
  <datafield tag="338" ind1=" " ind2=" ">
    <subfield code="a">volume</subfield>
    <subfield code="b">nc</subfield>
    <subfield code="2">rdacarrier</subfield>
  </datafield>
  <datafield tag="490" ind1="0" ind2=" ">
    <subfield code="a">Taller del amanuense</subfield>
  </datafield>
  <datafield tag="505" ind1="0" ind2="0">
    <subfield code="t">&lt;&lt;Selfie&gt;&gt;, mi general --</subfield>
    <subfield code="t">Conspiraciones en la región más transparente --</subfield>
    <subfield code="t">Encendido/Apagado --</subfield>
    <subfield code="t">Crimenes de caoba --</subfield>
    <subfield code="t">Alergia --</subfield>
    <subfield code="t">Naún y la bala --</subfield>
    <subfield code="t">Picnic y los conspiradores ingenuos --</subfield>
    <subfield code="t">El Niño Dio también se indiga.</subfield>
  </datafield>
</record>