
<record>
  <leader>02509cam a22003977i 4500</leader>
  <controlfield tag="001">19569657</controlfield>
  <controlfield tag="005">20200103151131.0</controlfield>
  <controlfield tag="008">170324t20162016ne a     b    001 0 eng c</controlfield>
  <datafield tag="906" ind1=" " ind2=" ">
    <subfield code="a">7</subfield>
    <subfield code="b">cbc</subfield>
    <subfield code="c">pccadap</subfield>
    <subfield code="d">2</subfield>
    <subfield code="e">ncip</subfield>
    <subfield code="f">20</subfield>
    <subfield code="g">y-gencatlg</subfield>
  </datafield>
  <datafield tag="925" ind1="0" ind2=" ">
    <subfield code="a">acquire</subfield>
    <subfield code="b">1 shelf copy</subfield>
    <subfield code="x">policy default</subfield>
  </datafield>
  <datafield tag="955" ind1=" " ind2=" ">
    <subfield code="b">rk20 2017-03-24</subfield>
    <subfield code="a">xn08 2017-05-10 1 copy rec&apos;d., to USASH</subfield>
    <subfield code="b">rl06 2019-06-01 z-processor</subfield>
    <subfield code="i">rl06 2019-06-01 to BCCD</subfield>
  </datafield>
  <datafield tag="010" ind1=" " ind2=" ">
    <subfield code="a">  2016461308</subfield>
  </datafield>
  <datafield tag="020" ind1=" " ind2=" ">
    <subfield code="a">9780128035221 (paperback)</subfield>
  </datafield>
  <datafield tag="020" ind1=" " ind2=" ">
    <subfield code="a">0128035226</subfield>
  </datafield>
  <datafield tag="035" ind1=" " ind2=" ">
    <subfield code="a">(OCoLC)ocn911073484</subfield>
  </datafield>
  <datafield tag="040" ind1=" " ind2=" ">
    <subfield code="a">BTCTA</subfield>
    <subfield code="b">eng</subfield>
    <subfield code="c">BTCTA</subfield>
    <subfield code="e">rda</subfield>
    <subfield code="d">YDXCP</subfield>
    <subfield code="d">CDX</subfield>
    <subfield code="d">FTU</subfield>
    <subfield code="d">OCLCO</subfield>
    <subfield code="d">BDX</subfield>
    <subfield code="d">WAU</subfield>
    <subfield code="d">OCLCF</subfield>
    <subfield code="d">RCE</subfield>
    <subfield code="d">DLC</subfield>
  </datafield>
  <datafield tag="050" ind1="0" ind2="0">
    <subfield code="a">RS199.G73</subfield>
    <subfield code="b">L48 2016</subfield>
  </datafield>
  <datafield tag="100" ind1="1" ind2=" ">
    <subfield code="a">Levin, Michael,</subfield>
    <subfield code="d">1946-</subfield>
    <subfield code="e">author.</subfield>
  </datafield>
  <datafield tag="245" ind1="1" ind2="0">
    <subfield code="a">How to scale-up a wet granulation end point scientifically /</subfield>
    <subfield code="c">Michael Levin, PhD, Milev, LLC, Pharmaceutical Technology Consulting, Measurement Control Corporation (MCC).</subfield>
  </datafield>
  <datafield tag="264" ind1=" " ind2="1">
    <subfield code="a">Amsterdam</subfield>
    <subfield code="a">Waltham, MA :</subfield>
    <subfield code="b">Elsevier,</subfield>
    <subfield code="c">[2016]</subfield>
  </datafield>
  <datafield tag="264" ind1=" " ind2="4">
    <subfield code="c">©2016</subfield>
  </datafield>
  <datafield tag="300" ind1=" " ind2=" ">
    <subfield code="a">xii, 74 pages :</subfield>
    <subfield code="b">illustrations ;</subfield>
    <subfield code="c">23 cm.</subfield>
  </datafield>
  <datafield tag="336" ind1=" " ind2=" ">
    <subfield code="a">text</subfield>
    <subfield code="b">txt</subfield>
    <subfield code="2">rdacontent</subfield>
  </datafield>
  <datafield tag="337" ind1=" " ind2=" ">
    <subfield code="a">unmediated</subfield>
    <subfield code="b">n</subfield>
    <subfield code="2">rdamedia</subfield>
  </datafield>
  <datafield tag="338" ind1=" " ind2=" ">
    <subfield code="a">volume</subfield>
    <subfield code="b">nc</subfield>
    <subfield code="2">rdacarrier</subfield>
  </datafield>
  <datafield tag="490" ind1="1" ind2=" ">
    <subfield code="a">Expertise in pharmaceutical process technology series</subfield>
  </datafield>
  <datafield tag="520" ind1=" " ind2=" ">
    <subfield code="a">How to Scale-Up a Wet Granulation End Point Scientifically provides a single-source devoted to all relevant information on the scale-up of a wet granulation end point. Contents include a general description, problem identification, and theoretical background with supporting literature, case studies, potential solutions, and more. By outlining issues related to scale-up and end-point determination, and then using practical examples and advice to address these issues, How to Scale-Up a Wet Granulation End Point Scientifically is a valuable and essential resource for all those pharmaceutical scientists and technologists engaged in the granulation process.</subfield>
  </datafield>
  <datafield tag="504" ind1=" " ind2=" ">
    <subfield code="a">Includes bibliographical references (pages 67-72) and index.</subfield>
  </datafield>
  <datafield tag="505" ind1="0" ind2=" ">
    <subfield code="a">Scale-up basics -- Dimensional analysis -- Wet granulation -- Recommended procedures : case studies -- Practical considerations for end-point scale-up -- List of symbols and dimensions.</subfield>
  </datafield>
  <datafield tag="650" ind1=" " ind2="0">
    <subfield code="a">Drugs</subfield>
    <subfield code="x">Granulation.</subfield>
  </datafield>
  <datafield tag="650" ind1=" " ind2="0">
    <subfield code="a">Dimensional analysis.</subfield>
  </datafield>
  <datafield tag="650" ind1=" " ind2="2">
    <subfield code="a">Technology, Pharmaceutical</subfield>
    <subfield code="x">methods.</subfield>
  </datafield>
  <datafield tag="650" ind1=" " ind2="2">
    <subfield code="a">Endpoint Determination.</subfield>
  </datafield>
  <datafield tag="650" ind1=" " ind2="7">
    <subfield code="a">Dimensional analysis.</subfield>
    <subfield code="2">fast</subfield>
    <subfield code="0">(OCoLC)fst00893849</subfield>
  </datafield>
  <datafield tag="650" ind1=" " ind2="7">
    <subfield code="a">Drugs</subfield>
    <subfield code="x">Granulation.</subfield>
    <subfield code="2">fast</subfield>
    <subfield code="0">(OCoLC)fst00898819</subfield>
  </datafield>
  <datafield tag="830" ind1=" " ind2="0">
    <subfield code="a">Expertise in pharmaceutical process technology series.</subfield>
  </datafield>
</record>