
<record>
  <leader>02033cam a22003377i 4500</leader>
  <controlfield tag="001">19570804</controlfield>
  <controlfield tag="005">20200103151134.0</controlfield>
  <controlfield tag="008">170317s2016    gw a     b    000 0 ger  </controlfield>
  <datafield tag="906" ind1=" " ind2=" ">
    <subfield code="a">7</subfield>
    <subfield code="b">cbc</subfield>
    <subfield code="c">origres</subfield>
    <subfield code="d">3</subfield>
    <subfield code="e">ncip</subfield>
    <subfield code="f">20</subfield>
    <subfield code="g">y-gencatlg</subfield>
  </datafield>
  <datafield tag="925" ind1="0" ind2=" ">
    <subfield code="a">acquire</subfield>
    <subfield code="b">1 shelf copy</subfield>
    <subfield code="x">policy default</subfield>
  </datafield>
  <datafield tag="955" ind1=" " ind2=" ">
    <subfield code="b">fd10 2017-04-12</subfield>
    <subfield code="a">fd00 2017-04-17 to GS/SBCG</subfield>
    <subfield code="i">ff72 2018-09-13</subfield>
  </datafield>
  <datafield tag="010" ind1=" " ind2=" ">
    <subfield code="a">  2017377226</subfield>
  </datafield>
  <datafield tag="020" ind1=" " ind2=" ">
    <subfield code="a">9783737413251 (hd. bd.)</subfield>
  </datafield>
  <datafield tag="020" ind1=" " ind2=" ">
    <subfield code="a">3737413258 (hd. bd.)</subfield>
  </datafield>
  <datafield tag="040" ind1=" " ind2=" ">
    <subfield code="a">DLC</subfield>
    <subfield code="b">eng</subfield>
    <subfield code="c">DLC</subfield>
    <subfield code="e">rda</subfield>
  </datafield>
  <datafield tag="050" ind1="0" ind2="0">
    <subfield code="a">PN81</subfield>
    <subfield code="b">.G646 2016</subfield>
  </datafield>
  <datafield tag="100" ind1="1" ind2=" ">
    <subfield code="a">Görner, Rüdiger,</subfield>
    <subfield code="e">author.</subfield>
  </datafield>
  <datafield tag="245" ind1="1" ind2="0">
    <subfield code="a">Höher hinaus :</subfield>
    <subfield code="b">über Türme : eine literarische Motivgeschichte /</subfield>
    <subfield code="c">Rüdiger Görner.</subfield>
  </datafield>
  <datafield tag="264" ind1=" " ind2="1">
    <subfield code="a">Wiesbaden :</subfield>
    <subfield code="b">bup, Berlin University Press,</subfield>
    <subfield code="c">[2016]</subfield>
  </datafield>
  <datafield tag="300" ind1=" " ind2=" ">
    <subfield code="a">158 pages :</subfield>
    <subfield code="b">illustrations ;</subfield>
    <subfield code="c">22 cm</subfield>
  </datafield>
  <datafield tag="336" ind1=" " ind2=" ">
    <subfield code="a">text</subfield>
    <subfield code="2">rdacontent</subfield>
  </datafield>
  <datafield tag="337" ind1=" " ind2=" ">
    <subfield code="a">unmediated</subfield>
    <subfield code="2">rdamedia</subfield>
  </datafield>
  <datafield tag="338" ind1=" " ind2=" ">
    <subfield code="a">volume</subfield>
    <subfield code="2">rdacarrier</subfield>
  </datafield>
  <datafield tag="504" ind1=" " ind2=" ">
    <subfield code="a">Includes bibliographical references.</subfield>
  </datafield>
  <datafield tag="505" ind1="0" ind2="0">
    <subfield code="t">Wege zum Turm : eine Hinführung --</subfield>
    <subfield code="t">Türme als kulturpsychologische Phänomene : der lall Kittel --</subfield>
    <subfield code="t">Extremfall Turm : Fragen der : ikonographischen : Bestimmung --</subfield>
    <subfield code="t">Erschriebene babylonische Türme bei Franz Kafka, Sergej Prokofjev und Friedrich Dürrenmatt --</subfield>
    <subfield code="t">&quot; ... unser geballtes Steingesicht&quot; : oder : eine Poetik des Turmes (Paul Celan, Yvan Göll, Rainer Maria Rilke, William Butler Yeats) --</subfield>
    <subfield code="t">Der Türmer und die Seinen (Johann Wolfgang Goethe, Martin Heidegger) --</subfield>
    <subfield code="t">Tödlichkeit des Turmes (E.T.A. Hoff mann, Maurice Maeterlinck, Max Dauthendey) --</subfield>
    <subfield code="t">Das Schiefe am Turm (Virginia Woolf) --</subfield>
    <subfield code="t">Die Unerreichbarkeit des Turmes (Virginia Woolf, Uwe Teilkamp, Lutz Seiler) --</subfield>
    <subfield code="t">&quot;Nur der Turm hält uns zusammen&quot; : zu einem Motiv bei Hugo von Hofmannsthal und Peter Weiss --</subfield>
    <subfield code="t">Schlusssteine --</subfield>
    <subfield code="g">Anhang --</subfield>
    <subfield code="g">Quellentexte Sekundärliteratur --</subfield>
    <subfield code="g">Bildnachweis.</subfield>
  </datafield>
  <datafield tag="650" ind1=" " ind2="0">
    <subfield code="a">Literature</subfield>
    <subfield code="x">Themes, motives.</subfield>
  </datafield>
  <datafield tag="650" ind1=" " ind2="0">
    <subfield code="a">Literature</subfield>
    <subfield code="x">History and criticism.</subfield>
  </datafield>
  <datafield tag="650" ind1=" " ind2="0">
    <subfield code="a">Towers.</subfield>
  </datafield>
  <datafield tag="653" ind1="0" ind2=" ">
    <subfield code="a">Towers in literature.</subfield>
  </datafield>
  <datafield tag="923" ind1=" " ind2=" ">
    <subfield code="d">20170316</subfield>
    <subfield code="n">0133856</subfield>
    <subfield code="s">GyWOH</subfield>
  </datafield>
  <datafield tag="985" ind1=" " ind2=" ">
    <subfield code="e">VENDOR LOAD</subfield>
  </datafield>
</record>