
<record>
  <leader>04948cam a22004577i 4500</leader>
  <controlfield tag="001">19579125</controlfield>
  <controlfield tag="005">20200103121335.0</controlfield>
  <controlfield tag="008">160822s2015    ag a     b    000 0 spa c</controlfield>
  <datafield tag="906" ind1=" " ind2=" ">
    <subfield code="a">7</subfield>
    <subfield code="b">cbc</subfield>
    <subfield code="c">pccadap</subfield>
    <subfield code="d">3</subfield>
    <subfield code="e">ncip</subfield>
    <subfield code="f">20</subfield>
    <subfield code="g">y-gencatlg</subfield>
  </datafield>
  <datafield tag="925" ind1="0" ind2=" ">
    <subfield code="a">acquire</subfield>
    <subfield code="b">1 shelf copy</subfield>
    <subfield code="x">policy default</subfield>
  </datafield>
  <datafield tag="955" ind1=" " ind2=" ">
    <subfield code="b">bg24 2017-06-27 to ALAWE/SA</subfield>
    <subfield code="b">bc12 2017-09-01 z-processor</subfield>
    <subfield code="i">bc12 2017-09-11 (telework)</subfield>
    <subfield code="e">bc12 2017-09-12 to BCCD (ABAchecked &amp; Labeled)</subfield>
  </datafield>
  <datafield tag="010" ind1=" " ind2=" ">
    <subfield code="a">  2017422047</subfield>
  </datafield>
  <datafield tag="020" ind1=" " ind2=" ">
    <subfield code="a">9789876881326</subfield>
    <subfield code="q">(OC)</subfield>
  </datafield>
  <datafield tag="020" ind1=" " ind2=" ">
    <subfield code="a">9876881329</subfield>
    <subfield code="q">(OC)</subfield>
  </datafield>
  <datafield tag="020" ind1=" " ind2=" ">
    <subfield code="a">9789876881333</subfield>
    <subfield code="q">(tomo I)</subfield>
  </datafield>
  <datafield tag="020" ind1=" " ind2=" ">
    <subfield code="a">9876881337</subfield>
    <subfield code="q">(tomo I)</subfield>
  </datafield>
  <datafield tag="020" ind1=" " ind2=" ">
    <subfield code="a">9789876881340</subfield>
    <subfield code="q">(tomo II)</subfield>
  </datafield>
  <datafield tag="020" ind1=" " ind2=" ">
    <subfield code="a">9876881345</subfield>
    <subfield code="q">(tomo II)</subfield>
  </datafield>
  <datafield tag="035" ind1=" " ind2=" ">
    <subfield code="a">(OCoLC)ocn968214110</subfield>
  </datafield>
  <datafield tag="040" ind1=" " ind2=" ">
    <subfield code="a">UBY</subfield>
    <subfield code="b">eng</subfield>
    <subfield code="c">UBY</subfield>
    <subfield code="e">rda</subfield>
    <subfield code="d">OCLCF</subfield>
    <subfield code="d">IXA</subfield>
    <subfield code="d">CUY</subfield>
    <subfield code="d">NOC</subfield>
    <subfield code="d">DLC</subfield>
  </datafield>
  <datafield tag="041" ind1="0" ind2=" ">
    <subfield code="a">spa</subfield>
    <subfield code="a">por</subfield>
  </datafield>
  <datafield tag="050" ind1="0" ind2="0">
    <subfield code="a">PC4066</subfield>
    <subfield code="b">.A788 2015</subfield>
  </datafield>
  <datafield tag="245" ind1="0" ind2="0">
    <subfield code="a">Articulación lingüística y cultural Mercosur /</subfield>
    <subfield code="c">Fabio Dandrea (coordinador).</subfield>
  </datafield>
  <datafield tag="250" ind1=" " ind2=" ">
    <subfield code="a">Primera edición.</subfield>
  </datafield>
  <datafield tag="264" ind1=" " ind2="1">
    <subfield code="a">Río Cuarto, Córdoba, Argentina :</subfield>
    <subfield code="b">UniRío Editora, Universidad Nacional de Río Cuarto,</subfield>
    <subfield code="c">2015.</subfield>
  </datafield>
  <datafield tag="300" ind1=" " ind2=" ">
    <subfield code="a">2 volumes :</subfield>
    <subfield code="b">illustrations ;</subfield>
    <subfield code="c">23 cm.</subfield>
  </datafield>
  <datafield tag="336" ind1=" " ind2=" ">
    <subfield code="a">text</subfield>
    <subfield code="b">txt</subfield>
    <subfield code="2">rdacontent</subfield>
  </datafield>
  <datafield tag="337" ind1=" " ind2=" ">
    <subfield code="a">unmediated</subfield>
    <subfield code="b">n</subfield>
    <subfield code="2">rdamedia</subfield>
  </datafield>
  <datafield tag="338" ind1=" " ind2=" ">
    <subfield code="a">volume</subfield>
    <subfield code="b">nc</subfield>
    <subfield code="2">rdacarrier</subfield>
  </datafield>
  <datafield tag="490" ind1="1" ind2=" ">
    <subfield code="a">Colección Académico-científica</subfield>
  </datafield>
  <datafield tag="504" ind1=" " ind2=" ">
    <subfield code="a">Includes bibliographical references.</subfield>
  </datafield>
  <datafield tag="505" ind1="0" ind2=" ">
    <subfield code="a">1. El rol del Español Lengua Segunda y Extranjera en los proecsos de internacionalización de la educación superior -- 2. Gestión institucional del Español Lengua Segunda y Extranjera en la cooperación con Brasil.</subfield>
  </datafield>
  <datafield tag="505" ind1="0" ind2=" ">
    <subfield code="a">1. Programa de Internacionalización de la Educación Superior y Cooperación Internacional (PIESCI), Secretaría de Políticas Universitarias: marcos havilitantes para la gestión institucional de IES / Marina Larrea, Anahí Astur, Clara Martínez Lucca -- Programa de Intercambio Académico de Grado en español y portugués del MERCOSUR: instrumento de diseño glotopolítico institucional / Fabio Dandrea -- Uma história escrita a muitas mãos / Ana Josefina Ferrari -- Erasmus en tiempos de crisis: movilidad para comunicar la Marca Europa / Jorge Tuñon Navarro -- Movilidad docente y estudiantil como dispositivo de articulación lingüístico cultural para la integración regional MERCOSUR: experiencias integradas en el Programa de Intercambio Universitario Académico de Grado en español y portugués / Fabio Dandrea -- El tratamiento institucional de la movilidad estudiantil: aportes para un proceso de internalización de la Educación Superior / Fabio Dandrea -- Literatura/s hispanoamericana/s: puentes hacia la alfabetización intercultural / Silvina Barroso -- Literatura y memorias de la militancia: el caso argentino y un acercamiento a la situación de Brasil a partir de una experiencia educativa en la Universidade Federal do Paraná / Pablo Dema -- Impacto institucional del Programa de Intercambio Universitario Académico de Grado en Español y Portugués del MERCOSUR / Fabio Dandrea --</subfield>
  </datafield>
  <datafield tag="505" ind1="0" ind2=" ">
    <subfield code="a">2. Internacionalización, lenguas e integración / Marina Larrea -- Gestión de ELSE en el marco integral de la internacionalización de la educación superior / Fabio Dandrea -- Proyecto Red NEIES: Red de Integración Regional para ELSE en el contecto MERCOSUR / Fabio Dandrea -- Reescrituras contemporáneas de la tradición político cultural en torno al eje civilización/barbarie: construcción de corpus para cursos de ELE / Silvina Barroso -- Enseñanza de la gramatica española e integración regional / Patricia Supisiche -- Las TIC y la formación de profesores de ELSE / Fanny Bierbrauer -- Estrategias didácticas para una lectura intercultural de textos en español / Fabián Mosello -- Os marcadores discursivos: conectores: uma leitura retórico-contrastiva (español y português) de seu comportamento semântico / Massilia Maria Lira Dias -- Formación de profesores, perspectivas teóricas y saberes docentes / Lívia Márcia Tiba Rádis Baptista -- Iberia-Nordeste: ecos literários, convergências culturais / Maria Inês Pinheiro Cardoso -- Educación física y ciencias de deporte en Brasil: herencias del futuro de la investigación: pensar Latinoamérica para todos / Marcelo Ducart -- Tejiendo redes entre la educación física de Argentina y Brasil: alcances de un proyecto de asesoramiento para el crecimiento del posgrado en la UNRC / Ivana Rivero -- De Córdoba a Fortaleza: relato de inte(g)raçãoem espanhol/língua estrangeira / Bruno Rodríguez Mendonca.</subfield>
  </datafield>
  <datafield tag="546" ind1=" " ind2=" ">
    <subfield code="a">In Spanish and Portuguese.</subfield>
  </datafield>
  <datafield tag="650" ind1=" " ind2="0">
    <subfield code="a">Spanish language</subfield>
    <subfield code="x">Study and teaching</subfield>
    <subfield code="x">Foreign speakers.</subfield>
  </datafield>
  <datafield tag="650" ind1=" " ind2="0">
    <subfield code="a">Portuguese language</subfield>
    <subfield code="x">Study and teaching</subfield>
    <subfield code="x">Foreign speakers.</subfield>
  </datafield>
  <datafield tag="700" ind1="1" ind2=" ">
    <subfield code="a">Dandrea, Fabio</subfield>
    <subfield code="q">(Fabio Daniel),</subfield>
    <subfield code="e">editor.</subfield>
  </datafield>
  <datafield tag="830" ind1=" " ind2="0">
    <subfield code="a">Colección Académico-científica.</subfield>
  </datafield>
  <datafield tag="923" ind1=" " ind2=" ">
    <subfield code="d">20170220</subfield>
    <subfield code="n">199</subfield>
    <subfield code="s">AR-BaFGC</subfield>
  </datafield>
  <datafield tag="985" ind1=" " ind2=" ">
    <subfield code="e">VENDOR LOAD</subfield>
  </datafield>
</record>