
<record>
  <leader>03365cam a22005057i 4500</leader>
  <controlfield tag="001">19599463</controlfield>
  <controlfield tag="005">20200103151148.0</controlfield>
  <controlfield tag="008">170417s2016    cc            000 0 chi  </controlfield>
  <datafield tag="906" ind1=" " ind2=" ">
    <subfield code="a">7</subfield>
    <subfield code="b">cbc</subfield>
    <subfield code="c">origres</subfield>
    <subfield code="d">3</subfield>
    <subfield code="e">ncip</subfield>
    <subfield code="f">20</subfield>
    <subfield code="g">y-nonroman</subfield>
  </datafield>
  <datafield tag="925" ind1="0" ind2=" ">
    <subfield code="a">acquire</subfield>
    <subfield code="b">1 shelf copy</subfield>
    <subfield code="x">policy default</subfield>
  </datafield>
  <datafield tag="955" ind1=" " ind2=" ">
    <subfield code="i">cc01 2017-04-17 z-processor JACKPHY to Asian</subfield>
  </datafield>
  <datafield tag="010" ind1=" " ind2=" ">
    <subfield code="a">  2017369061</subfield>
  </datafield>
  <datafield tag="020" ind1=" " ind2=" ">
    <subfield code="a">9787549503674</subfield>
  </datafield>
  <datafield tag="020" ind1=" " ind2=" ">
    <subfield code="a">7549503672</subfield>
  </datafield>
  <datafield tag="040" ind1=" " ind2=" ">
    <subfield code="a">DLC</subfield>
    <subfield code="b">eng</subfield>
    <subfield code="e">rda</subfield>
    <subfield code="c">DLC</subfield>
    <subfield code="d">DLC</subfield>
  </datafield>
  <datafield tag="050" ind1="0" ind2="0">
    <subfield code="a">AC149</subfield>
    <subfield code="b">.G836 2008 Suppl.</subfield>
  </datafield>
  <datafield tag="066" ind1=" " ind2=" ">
    <subfield code="c">$1</subfield>
  </datafield>
  <datafield tag="245" ind1="0" ind2="0">
    <subfield code="6">880-01</subfield>
    <subfield code="a">&quot;Guangzhou da dian&quot; hai wai zhen xi wen xian shu zhi /</subfield>
    <subfield code="c">Wang Lei zhu bizn, Shen Jin shen ding =</subfield>
  </datafield>
  <datafield tag="880" ind1="0" ind2="0">
    <subfield code="6">245-01/$1</subfield>
    <subfield code="a">《廣州大典》海外珍稀文獻書志 /</subfield>
    <subfield code="c">王蕾主編 ; 沈津審訂 = A Descriptive Bibliography of Overseas Rare Books of the Complete Library of Canton / Editor-in-Chief, Wang Lei ; Referee Sheng Jin.</subfield>
  </datafield>
  <datafield tag="246" ind1="3" ind2="1">
    <subfield code="a">Descriptive Bibliography of Overseas Rare Books of the Complete Library of Canton</subfield>
  </datafield>
  <datafield tag="250" ind1=" " ind2=" ">
    <subfield code="6">880-02</subfield>
    <subfield code="a">Di 1 ban.</subfield>
  </datafield>
  <datafield tag="880" ind1=" " ind2=" ">
    <subfield code="6">250-02/$1</subfield>
    <subfield code="a">第1版.</subfield>
  </datafield>
  <datafield tag="264" ind1=" " ind2="1">
    <subfield code="6">880-03</subfield>
    <subfield code="a">Guilin :</subfield>
    <subfield code="b">Guangxi shi fan da xue chu ban she,</subfield>
    <subfield code="c">2016.</subfield>
  </datafield>
  <datafield tag="880" ind1=" " ind2="1">
    <subfield code="6">264-03/$1</subfield>
    <subfield code="a">桂林 :</subfield>
    <subfield code="b">广西师范大学出版社,</subfield>
    <subfield code="c">2016.</subfield>
  </datafield>
  <datafield tag="300" ind1=" " ind2=" ">
    <subfield code="a">8, 2, 4, 302 pages :</subfield>
    <subfield code="b">illustations (some color) ;</subfield>
    <subfield code="c">24 cm.</subfield>
  </datafield>
  <datafield tag="336" ind1=" " ind2=" ">
    <subfield code="a">text</subfield>
    <subfield code="2">rdacontent</subfield>
  </datafield>
  <datafield tag="337" ind1=" " ind2=" ">
    <subfield code="a">unmediated</subfield>
    <subfield code="2">rdamedia</subfield>
  </datafield>
  <datafield tag="338" ind1=" " ind2=" ">
    <subfield code="a">volume</subfield>
    <subfield code="2">rdacarrier</subfield>
  </datafield>
  <datafield tag="490" ind1="0" ind2=" ">
    <subfield code="6">880-04</subfield>
    <subfield code="a">Zhongshan da xue tu shu guan xue cong shu ;</subfield>
    <subfield code="v">di 5 zhong</subfield>
  </datafield>
  <datafield tag="880" ind1="0" ind2=" ">
    <subfield code="6">490-04/$1</subfield>
    <subfield code="a">中山大學圖書館叢書 ;</subfield>
    <subfield code="v">第五種</subfield>
  </datafield>
  <datafield tag="880" ind1=" " ind2=" ">
    <subfield code="6">520-00/$1</subfield>
    <subfield code="a">&quot;广州大典&quot;是一部大型地方文献丛书,是迄今为止很全面的广府历史文化典籍集成,对于系统整理和保护广州文献典籍,传承与弘扬广州历史文化具有重要价值.中山大学图书馆作为&quot;广州大典&quot;主要参编机构之一,除了提供馆藏珍贵文献底本外,还负责&quot;广州大典&quot;海外底本征集工作,向美国,英国等国的17家图书馆及私人收藏家征集底本文献125种,占所有海外底本征集量的近60%.&quot;广州大典&quot;向海外所征集底本遍及经史子集四部,或为中国国内已不见藏之海外孤本,或为某一文献多版本中国内所未见藏之珍稀版本,流传稀少,弥足珍贵.&quot;〈广州大典〉海外珍稀文献书志&quot;是中山大学图书馆为深入揭示&quot;广州大典&quot;所收珍稀海外广州文献的内容,价值与存藏情况,而对71种海外底本(含部分大典暂未收录的国内稀见底本及木鱼书)进行版本目录学考证与书志编撰的成果.</subfield>
  </datafield>
  <datafield tag="500" ind1=" " ind2=" ">
    <subfield code="6">880-05</subfield>
    <subfield code="a">Intended to be a supplement to: &quot;Guang zhou da dian&quot; published by Guangzhou chu ban she, 2008-2015.</subfield>
  </datafield>
  <datafield tag="880" ind1=" " ind2=" ">
    <subfield code="6">500-05/$1</subfield>
    <subfield code="a">Intended to be a supplement to: 《廣州大典》published by Guangzhou chu ban she, 2008-2015.</subfield>
  </datafield>
  <datafield tag="650" ind1=" " ind2="0">
    <subfield code="a">Rare books</subfield>
    <subfield code="z">China</subfield>
    <subfield code="z">Guangzhou</subfield>
    <subfield code="v">Bibliography.</subfield>
  </datafield>
  <datafield tag="651" ind1=" " ind2="0">
    <subfield code="6">880-06</subfield>
    <subfield code="a">Guangzhou (China)</subfield>
    <subfield code="x">History</subfield>
    <subfield code="v">Sources</subfield>
    <subfield code="v">Bibliography.</subfield>
  </datafield>
  <datafield tag="880" ind1=" " ind2="4">
    <subfield code="6">651-06/$1</subfield>
    <subfield code="a">廣州 (China)</subfield>
    <subfield code="x">History</subfield>
    <subfield code="v">Sources</subfield>
    <subfield code="v">Bibliography.</subfield>
  </datafield>
  <datafield tag="651" ind1=" " ind2="0">
    <subfield code="6">880-07</subfield>
    <subfield code="a">Guangzhou (China)</subfield>
    <subfield code="v">Imprints</subfield>
    <subfield code="v">Bibliography.</subfield>
  </datafield>
  <datafield tag="880" ind1=" " ind2="4">
    <subfield code="6">651-07/$1</subfield>
    <subfield code="a">廣州 (China)</subfield>
    <subfield code="v">Imprints</subfield>
    <subfield code="v">Bibliography.</subfield>
  </datafield>
  <datafield tag="700" ind1="1" ind2=" ">
    <subfield code="6">880-08</subfield>
    <subfield code="a">Wang, Lei,</subfield>
    <subfield code="e">editor.</subfield>
  </datafield>
  <datafield tag="880" ind1="1" ind2=" ">
    <subfield code="6">700-08/$1</subfield>
    <subfield code="a">王蕾,</subfield>
    <subfield code="e">editor.</subfield>
  </datafield>
  <datafield tag="700" ind1="1" ind2=" ">
    <subfield code="6">880-09</subfield>
    <subfield code="a">Shen, Jin,</subfield>
    <subfield code="e">referee.</subfield>
  </datafield>
  <datafield tag="880" ind1="1" ind2=" ">
    <subfield code="6">700-09/$1</subfield>
    <subfield code="a">沈津,</subfield>
    <subfield code="e">referee.</subfield>
  </datafield>
  <datafield tag="730" ind1="0" ind2=" ">
    <subfield code="6">880-10</subfield>
    <subfield code="a">Guangzhou da dian.</subfield>
  </datafield>
  <datafield tag="880" ind1="0" ind2=" ">
    <subfield code="6">730-10/$1</subfield>
    <subfield code="a">廣州大典.</subfield>
  </datafield>
  <datafield tag="923" ind1=" " ind2=" ">
    <subfield code="s">CCG</subfield>
  </datafield>
</record>