
<record>
  <leader>02992cas a2200493 a 4500</leader>
  <controlfield tag="001">19607192</controlfield>
  <controlfield tag="005">20200103073403.0</controlfield>
  <controlfield tag="008">970929c19979999sa mr p       0    0eng c</controlfield>
  <datafield tag="906" ind1=" " ind2=" ">
    <subfield code="a">7</subfield>
    <subfield code="b">cbc</subfield>
    <subfield code="c">serials</subfield>
    <subfield code="d">2</subfield>
    <subfield code="e">ncip</subfield>
    <subfield code="f">19</subfield>
    <subfield code="g">n-oclcserc</subfield>
  </datafield>
  <datafield tag="925" ind1="0" ind2=" ">
    <subfield code="a">acquire</subfield>
    <subfield code="b">1 shelf copy</subfield>
    <subfield code="x">mlp 2017-04-24</subfield>
  </datafield>
  <datafield tag="955" ind1=" " ind2=" ">
    <subfield code="b">bc06 2017-04-24 (telework) ALAWE/A</subfield>
    <subfield code="i">bc10 2017-06-19</subfield>
    <subfield code="g">bc06 2017-06-23 (telework) to SER</subfield>
    <subfield code="g">bc06 2017-09-08 (telework) to SER</subfield>
    <subfield code="g">bc06 2017-09-11 (telework) to SER</subfield>
    <subfield code="g">bc06 2017-12-08 (telework) to SER</subfield>
    <subfield code="g">bc06 2017-12-22 (telework) to SER</subfield>
    <subfield code="g">bc06 2018-03-30 (telework) to SER</subfield>
    <subfield code="g">bc06 2018-05-11 (telework/credit) to SER</subfield>
    <subfield code="g">bc06 2018-05-14 (telework) to SER</subfield>
    <subfield code="g">bc06 2018-09-06 to SER</subfield>
    <subfield code="g">bc06 2018-11-16 (telework) to SER</subfield>
    <subfield code="g">bc06 2018-11-26 (telework/credit) to SER</subfield>
    <subfield code="g">bc06 2018-11-30 (telework) to SER</subfield>
    <subfield code="g">bc06 2019-04-01 (telework/credit) to SER</subfield>
    <subfield code="g">bc06 2019-04-05 (telework) to SER</subfield>
    <subfield code="g">bc06 2019-04-08 (telework) to SER</subfield>
    <subfield code="g">bc06 2019-04-12 (telework) to SER</subfield>
    <subfield code="g">bc06 2019-04-15 (telework) to SER</subfield>
    <subfield code="g">bc06 2019-04-15 (telework) to SER</subfield>
    <subfield code="g">bc06 2019-04-19 (telework/credit) to SER</subfield>
    <subfield code="g">bc06 2019-04-22 (telework) to SER</subfield>
    <subfield code="g">bc06 2019-06-10 (telework) to SER</subfield>
    <subfield code="g">bc06 2019-08-09 (telework) to SER</subfield>
    <subfield code="g">bc06 2019-08-12 (telework) to SER</subfield>
    <subfield code="g">bc06 2019-09-30 (telework) to SER</subfield>
    <subfield code="g">bc06 2019-11-18 (telework) to SER</subfield>
    <subfield code="g">bc06 2019-11-22 (telework) to SER</subfield>
    <subfield code="g">bc06 2019-11-25 (telework) to SER</subfield>
    <subfield code="g">bc06 2019-11-29 (telework) to SER</subfield>
    <subfield code="g">bc06 2019-12-06 (telework) to SER</subfield>
    <subfield code="g">bc06 2020-01-03 (telework) to SER</subfield>
  </datafield>
  <datafield tag="010" ind1=" " ind2=" ">
    <subfield code="a">sn 98017879 </subfield>
  </datafield>
  <datafield tag="022" ind1=" " ind2=" ">
    <subfield code="y">0257-1994</subfield>
    <subfield code="y">0251-9933</subfield>
    <subfield code="y">0251-9988</subfield>
  </datafield>
  <datafield tag="035" ind1=" " ind2=" ">
    <subfield code="a">(OCoLC)ocm37700269</subfield>
  </datafield>
  <datafield tag="040" ind1=" " ind2=" ">
    <subfield code="a">INU</subfield>
    <subfield code="b">eng</subfield>
    <subfield code="c">INU</subfield>
    <subfield code="d">CLU</subfield>
    <subfield code="d">OCL</subfield>
    <subfield code="d">DLC</subfield>
    <subfield code="d">OCLCQ</subfield>
    <subfield code="d">NYDWH</subfield>
    <subfield code="d">INU</subfield>
    <subfield code="d">OCLCQ</subfield>
    <subfield code="d">OCLCF</subfield>
    <subfield code="d">DLC</subfield>
    <subfield code="d">OCLCA</subfield>
    <subfield code="d">OCL</subfield>
    <subfield code="d">YUS</subfield>
    <subfield code="d">OCLCO</subfield>
  </datafield>
  <datafield tag="042" ind1=" " ind2=" ">
    <subfield code="a">pcc</subfield>
  </datafield>
  <datafield tag="043" ind1=" " ind2=" ">
    <subfield code="a">f-sa---</subfield>
  </datafield>
  <datafield tag="050" ind1="0" ind2="0">
    <subfield code="a">DT1001</subfield>
    <subfield code="b">.L43</subfield>
  </datafield>
  <datafield tag="082" ind1="0" ind2="4">
    <subfield code="a">968.005</subfield>
    <subfield code="b">L435</subfield>
  </datafield>
  <datafield tag="130" ind1="0" ind2=" ">
    <subfield code="a">Leadership (Cape Town, South Africa)</subfield>
  </datafield>
  <datafield tag="245" ind1="1" ind2="0">
    <subfield code="a">Leadership.</subfield>
  </datafield>
  <datafield tag="246" ind1="1" ind2="3">
    <subfield code="a">Leadership magazine</subfield>
  </datafield>
  <datafield tag="260" ind1=" " ind2=" ">
    <subfield code="a">Cape Town :</subfield>
    <subfield code="b">Churchill Murray Publications,</subfield>
    <subfield code="c">[1997]-</subfield>
  </datafield>
  <datafield tag="300" ind1=" " ind2=" ">
    <subfield code="a">v. :</subfield>
    <subfield code="b">ill. ;</subfield>
    <subfield code="c">28 cm.</subfield>
  </datafield>
  <datafield tag="310" ind1=" " ind2=" ">
    <subfield code="a">Monthly</subfield>
  </datafield>
  <datafield tag="362" ind1="0" ind2=" ">
    <subfield code="a">July 1997-Aug. 1997 ; v. 16, no. 3 (1997)-</subfield>
  </datafield>
  <datafield tag="500" ind1=" " ind2=" ">
    <subfield code="a">Published by: New Africa Publications Magazines Ltd., &lt;Apr. 2000-&gt;</subfield>
  </datafield>
  <datafield tag="515" ind1=" " ind2=" ">
    <subfield code="a">Issues for Oct./Nov. 1999-&lt;Oct. 2000&gt; unnumbered.</subfield>
  </datafield>
  <datafield tag="515" ind1=" " ind2=" ">
    <subfield code="a">Issues for &lt;Feb. 2009-&gt; called &lt;ed. 290-&gt;</subfield>
  </datafield>
  <datafield tag="588" ind1=" " ind2=" ">
    <subfield code="a">Description based on: July 1997; title from cover.</subfield>
  </datafield>
  <datafield tag="588" ind1=" " ind2=" ">
    <subfield code="a">Latest issue consulted: Ed. 378 (Feb. 2017).</subfield>
  </datafield>
  <datafield tag="651" ind1=" " ind2="0">
    <subfield code="a">Africa, Southern</subfield>
    <subfield code="v">Periodicals.</subfield>
  </datafield>
  <datafield tag="651" ind1=" " ind2="0">
    <subfield code="a">South Africa</subfield>
    <subfield code="v">Periodicals.</subfield>
  </datafield>
  <datafield tag="651" ind1=" " ind2="7">
    <subfield code="a">Southern Africa.</subfield>
    <subfield code="2">fast</subfield>
    <subfield code="0">(OCoLC)fst01239519</subfield>
  </datafield>
  <datafield tag="651" ind1=" " ind2="7">
    <subfield code="a">South Africa.</subfield>
    <subfield code="2">fast</subfield>
    <subfield code="0">(OCoLC)fst01204616</subfield>
  </datafield>
  <datafield tag="650" ind1=" " ind2="7">
    <subfield code="a">POLITICAL CONDITIONS.</subfield>
    <subfield code="2">unbist</subfield>
  </datafield>
  <datafield tag="650" ind1=" " ind2="7">
    <subfield code="a">ECONOMIC CONDITIONS.</subfield>
    <subfield code="2">unbist</subfield>
  </datafield>
  <datafield tag="650" ind1=" " ind2="7">
    <subfield code="a">SOUTH AFRICA.</subfield>
    <subfield code="2">unbist</subfield>
  </datafield>
  <datafield tag="655" ind1=" " ind2="7">
    <subfield code="a">Periodicals.</subfield>
    <subfield code="2">fast</subfield>
    <subfield code="0">(OCoLC)fst01411641</subfield>
  </datafield>
  <datafield tag="655" ind1=" " ind2="7">
    <subfield code="a">Periodicals.</subfield>
    <subfield code="2">lcgft</subfield>
  </datafield>
  <datafield tag="776" ind1="0" ind2="8">
    <subfield code="i">Online version:</subfield>
    <subfield code="t">Leadership (Cape Town, South Africa)</subfield>
    <subfield code="w">(OCoLC)794999998</subfield>
  </datafield>
  <datafield tag="780" ind1="0" ind2="0">
    <subfield code="t">Millennium magazine</subfield>
    <subfield code="w">(DLC)sn 95018502</subfield>
    <subfield code="w">(OCoLC)34001752</subfield>
  </datafield>
  <datafield tag="850" ind1=" " ind2=" ">
    <subfield code="a">CLU</subfield>
    <subfield code="a">DLC</subfield>
  </datafield>
  <datafield tag="923" ind1=" " ind2=" ">
    <subfield code="a">Purchase</subfield>
    <subfield code="s">Thorold (93005627)</subfield>
  </datafield>
</record>