
<record>
  <leader>03076cam a22003617i 4500</leader>
  <controlfield tag="001">19609285</controlfield>
  <controlfield tag="005">20200103151150.0</controlfield>
  <controlfield tag="008">170425t20162016utu      b    000 0 eng c</controlfield>
  <datafield tag="906" ind1=" " ind2=" ">
    <subfield code="a">7</subfield>
    <subfield code="b">cbc</subfield>
    <subfield code="c">pccadap</subfield>
    <subfield code="d">2</subfield>
    <subfield code="e">ncip</subfield>
    <subfield code="f">20</subfield>
    <subfield code="g">y-gencatlg</subfield>
  </datafield>
  <datafield tag="925" ind1="0" ind2=" ">
    <subfield code="a">acquire</subfield>
    <subfield code="b">1 shelf copies</subfield>
    <subfield code="x">policy default</subfield>
  </datafield>
  <datafield tag="955" ind1=" " ind2=" ">
    <subfield code="b">rk07 2017-04-25 z-processor</subfield>
    <subfield code="i">rk07 2017-04-27 to dewey</subfield>
    <subfield code="w">xm07 2019-05-10</subfield>
  </datafield>
  <datafield tag="010" ind1=" " ind2=" ">
    <subfield code="a">  2016439829</subfield>
  </datafield>
  <datafield tag="020" ind1=" " ind2=" ">
    <subfield code="a">9781524400453</subfield>
    <subfield code="q">(paperback)</subfield>
  </datafield>
  <datafield tag="020" ind1=" " ind2=" ">
    <subfield code="a">1524400459</subfield>
    <subfield code="q">(paperback)</subfield>
  </datafield>
  <datafield tag="035" ind1=" " ind2=" ">
    <subfield code="a">(OCoLC)ocn956678004</subfield>
  </datafield>
  <datafield tag="040" ind1=" " ind2=" ">
    <subfield code="a">UUC</subfield>
    <subfield code="b">eng</subfield>
    <subfield code="c">UUC</subfield>
    <subfield code="e">rda</subfield>
    <subfield code="d">UUC</subfield>
    <subfield code="d">OCLCO</subfield>
    <subfield code="d">UBY</subfield>
    <subfield code="d">BTCTA</subfield>
    <subfield code="d">DLC</subfield>
  </datafield>
  <datafield tag="050" ind1="0" ind2="0">
    <subfield code="a">BX8643.F67</subfield>
    <subfield code="b">I2 2016</subfield>
  </datafield>
  <datafield tag="082" ind1="0" ind2="0">
    <subfield code="a">248.8/43088289.332</subfield>
    <subfield code="2">23</subfield>
  </datafield>
  <datafield tag="245" ind1="0" ind2="0">
    <subfield code="a">I can forgive with God :</subfield>
    <subfield code="b">stories of healing from Mormon women /</subfield>
    <subfield code="c">compiled by Ganel-Lyn Condie.</subfield>
  </datafield>
  <datafield tag="264" ind1=" " ind2="1">
    <subfield code="a">American Fork, Utah :</subfield>
    <subfield code="b">Covenant Communications, Inc.,</subfield>
    <subfield code="c">[2016]</subfield>
  </datafield>
  <datafield tag="264" ind1=" " ind2="4">
    <subfield code="c">©2016</subfield>
  </datafield>
  <datafield tag="300" ind1=" " ind2=" ">
    <subfield code="a">xvi, 155 pages ;</subfield>
    <subfield code="c">23 cm</subfield>
  </datafield>
  <datafield tag="336" ind1=" " ind2=" ">
    <subfield code="a">text</subfield>
    <subfield code="2">rdacontent</subfield>
  </datafield>
  <datafield tag="337" ind1=" " ind2=" ">
    <subfield code="a">unmediated</subfield>
    <subfield code="2">rdamedia</subfield>
  </datafield>
  <datafield tag="338" ind1=" " ind2=" ">
    <subfield code="a">volume</subfield>
    <subfield code="2">rdacarrier</subfield>
  </datafield>
  <datafield tag="504" ind1=" " ind2=" ">
    <subfield code="a">Includes bibliographical references.</subfield>
  </datafield>
  <datafield tag="505" ind1="0" ind2=" ">
    <subfield code="a">Death in the public eye / by Nikki Harding -- Forgiveness at church / by Name Withheld -- The choice to forgive : after betrayal and divorce / by Name Withheld -- Healing, thus far, from pornography and sexual addiction / by Name Withheld -- Everyday forgiveness for a perfectly imperfect Mom / by Ganel-Lyn Condie -- Daddy didn&apos;t want me / by Marj Desius -- &quot;O that I were an angel&quot; : a story of sexual abuse and forgiveness / by Barbara Skovensky -- Left behind : a journey of forgiveness after sexual assault / by Bonnie Larsen -- History has taught me forgiveness begets forgiveness / by Cheri Hardisty Battrick -- Palestinian perspective : forgiving my Israeli enemies / by Sahar Qumsiyeh.</subfield>
  </datafield>
  <datafield tag="520" ind1=" " ind2=" ">
    <subfield code="a">&quot;Are unresolved feelings of anger, resentment, and guilt keeping you from living your best life? It&apos;s time to let go of the pain and make the life-changing decision to forgive. A stirring new work from best-selling author Ganel-Lyn Condie, I Can Forgive with God features the personal accounts of an incredible group of women who have harnessed the power of forgiveness after enduring the furnace of affliction. From divorce and death to addiction and abuse, these sisters&apos; experiences are linked by one common truth: the power of absolution is available to all through hard work and faithful reliance on our loving Heavenly Father. The women spotlighted in these stories have come face-to-face with devastating tragedies and trials, ultimately learning to forgive those who have hurt them--including themselves. With the help of this book, you too can find strength in the Lord--the giver of grace--to see your mistakes and others&apos; through the lens of forgiveness.&quot;--Page [4] of cover.</subfield>
  </datafield>
  <datafield tag="650" ind1=" " ind2="0">
    <subfield code="a">Forgiveness</subfield>
    <subfield code="x">Religious aspects</subfield>
    <subfield code="x">Church of Jesus Christ of Latter-day Saints.</subfield>
  </datafield>
  <datafield tag="650" ind1=" " ind2="0">
    <subfield code="a">Forgiveness</subfield>
    <subfield code="x">Religious aspects</subfield>
    <subfield code="x">Mormon Church.</subfield>
  </datafield>
  <datafield tag="650" ind1=" " ind2="0">
    <subfield code="a">Mormon women</subfield>
    <subfield code="x">Religious life.</subfield>
  </datafield>
  <datafield tag="650" ind1=" " ind2="0">
    <subfield code="a">Women</subfield>
    <subfield code="x">Religious aspects</subfield>
    <subfield code="x">Church of Jesus Christ of Latter-day Saints.</subfield>
  </datafield>
  <datafield tag="700" ind1="1" ind2=" ">
    <subfield code="a">Condie, Ganel-Lyn,</subfield>
    <subfield code="e">compiler.</subfield>
  </datafield>
</record>