
<record>
  <leader>01785cam a2200313 i 4500</leader>
  <controlfield tag="001">19614303</controlfield>
  <controlfield tag="005">20200103121908.0</controlfield>
  <controlfield tag="008">170428s2018    nyu      b    001 0 eng  </controlfield>
  <datafield tag="906" ind1=" " ind2=" ">
    <subfield code="a">7</subfield>
    <subfield code="b">cbc</subfield>
    <subfield code="c">orignew</subfield>
    <subfield code="d">1</subfield>
    <subfield code="e">ecip</subfield>
    <subfield code="f">20</subfield>
    <subfield code="g">y-gencatlg</subfield>
  </datafield>
  <datafield tag="925" ind1="0" ind2=" ">
    <subfield code="a">acquire</subfield>
    <subfield code="b">1 shelf copy</subfield>
    <subfield code="x">policy default</subfield>
  </datafield>
  <datafield tag="955" ind1=" " ind2=" ">
    <subfield code="b">rl12 2017-04-28</subfield>
    <subfield code="i">rl12 2017-04-28 to Dewey</subfield>
    <subfield code="a">rl11 2017-05-01 (rev)</subfield>
    <subfield code="w">xm08 2017-05-05 (telework)</subfield>
    <subfield code="a">rl12 2017-10-26 updated author per pub req</subfield>
    <subfield code="a">xn11 2019-07-26 1 copy rec&apos;d., to CIP ver.</subfield>
    <subfield code="a">rl00 2019-07-30 to SMA</subfield>
    <subfield code="a">rl02 2019-07-30</subfield>
    <subfield code="f">rl02 2019-08-02 to CALM</subfield>
    <subfield code="s">rl11 2019-08-31 chg 490 to 500 quoted note</subfield>
  </datafield>
  <datafield tag="010" ind1=" " ind2=" ">
    <subfield code="a">  2017015371</subfield>
  </datafield>
  <datafield tag="020" ind1=" " ind2=" ">
    <subfield code="a">9780393711370 (hardcover)</subfield>
  </datafield>
  <datafield tag="040" ind1=" " ind2=" ">
    <subfield code="a">DLC</subfield>
    <subfield code="b">eng</subfield>
    <subfield code="c">DLC</subfield>
    <subfield code="e">rda</subfield>
    <subfield code="d">DLC</subfield>
  </datafield>
  <datafield tag="042" ind1=" " ind2=" ">
    <subfield code="a">pcc</subfield>
  </datafield>
  <datafield tag="050" ind1="0" ind2="0">
    <subfield code="a">RC489.S74</subfield>
    <subfield code="b">Z56 2018</subfield>
  </datafield>
  <datafield tag="082" ind1="0" ind2="0">
    <subfield code="a">616.89/16563</subfield>
    <subfield code="2">23</subfield>
  </datafield>
  <datafield tag="100" ind1="1" ind2=" ">
    <subfield code="a">Zimmerman, Jeffrey</subfield>
    <subfield code="q">(Jeffrey L.)</subfield>
    <subfield code="e">author.</subfield>
  </datafield>
  <datafield tag="245" ind1="1" ind2="0">
    <subfield code="a">Neuro-narrative therapy :</subfield>
    <subfield code="b">new possibilities for emotion-filled conversations /</subfield>
    <subfield code="c">Jeffrey Zimmerman ; foreword by Karl Tomm.</subfield>
  </datafield>
  <datafield tag="250" ind1=" " ind2=" ">
    <subfield code="a">First edition.</subfield>
  </datafield>
  <datafield tag="264" ind1=" " ind2="1">
    <subfield code="a">New York :</subfield>
    <subfield code="b">W.W. Norton &amp; Company,</subfield>
    <subfield code="c">[2018]</subfield>
  </datafield>
  <datafield tag="300" ind1=" " ind2=" ">
    <subfield code="a">xv, 220 pages ;</subfield>
    <subfield code="c">25 cm</subfield>
  </datafield>
  <datafield tag="336" ind1=" " ind2=" ">
    <subfield code="a">text</subfield>
    <subfield code="b">txt</subfield>
    <subfield code="2">rdacontent</subfield>
  </datafield>
  <datafield tag="337" ind1=" " ind2=" ">
    <subfield code="a">unmediated</subfield>
    <subfield code="b">n</subfield>
    <subfield code="2">rdamedia</subfield>
  </datafield>
  <datafield tag="338" ind1=" " ind2=" ">
    <subfield code="a">volume</subfield>
    <subfield code="b">nc</subfield>
    <subfield code="2">rdacarrier</subfield>
  </datafield>
  <datafield tag="500" ind1=" " ind2=" ">
    <subfield code="a">&quot;A Norton professional book.&quot;</subfield>
  </datafield>
  <datafield tag="504" ind1=" " ind2=" ">
    <subfield code="a">Includes bibliographical references and index.</subfield>
  </datafield>
  <datafield tag="505" ind1="0" ind2=" ">
    <subfield code="a">Towards a neuro-narrative therapy: histories of the present revisited -- Possibilities in neuro-narrative therapy: preview and backstory -- The importance of affect in narrative therapy -- Body/mind-fulness practices in narrative therapy -- Right brain to right brain communication in narrative therapy -- Non-conscious influences in narrative therapy -- Coda: pathways of power: questions for Jeff from the iron throne.</subfield>
  </datafield>
  <datafield tag="650" ind1=" " ind2="0">
    <subfield code="a">Narrative therapy</subfield>
    <subfield code="x">Methodology.</subfield>
  </datafield>
</record>