
<record>
  <leader>01618cam a22003257i 4500</leader>
  <controlfield tag="001">19615122</controlfield>
  <controlfield tag="005">20200103151150.0</controlfield>
  <controlfield tag="008">170124e201609  ag            000 f spa c</controlfield>
  <datafield tag="906" ind1=" " ind2=" ">
    <subfield code="a">7</subfield>
    <subfield code="b">cbc</subfield>
    <subfield code="c">pccadap</subfield>
    <subfield code="d">3</subfield>
    <subfield code="e">ncip</subfield>
    <subfield code="f">20</subfield>
    <subfield code="g">y-gencatlg</subfield>
  </datafield>
  <datafield tag="925" ind1="0" ind2=" ">
    <subfield code="a">acquire</subfield>
    <subfield code="b">1 shelf copy</subfield>
    <subfield code="x">policy default</subfield>
  </datafield>
  <datafield tag="955" ind1=" " ind2=" ">
    <subfield code="b">bg24 2017-07-05 to ALAWE/SA</subfield>
    <subfield code="b">bc12 2017-09-01 z-processor</subfield>
    <subfield code="i">bc12 2017-09-11 (telework)</subfield>
    <subfield code="e">bc12 2017-09-15 to BCCD (ABAchecked &amp; Labeled)</subfield>
  </datafield>
  <datafield tag="010" ind1=" " ind2=" ">
    <subfield code="a">  2017422000</subfield>
  </datafield>
  <datafield tag="020" ind1=" " ind2=" ">
    <subfield code="a">9789876703871</subfield>
  </datafield>
  <datafield tag="020" ind1=" " ind2=" ">
    <subfield code="a">9876703870</subfield>
  </datafield>
  <datafield tag="035" ind1=" " ind2=" ">
    <subfield code="a">(OCoLC)ocn981968511</subfield>
  </datafield>
  <datafield tag="040" ind1=" " ind2=" ">
    <subfield code="a">ARFGC</subfield>
    <subfield code="b">eng</subfield>
    <subfield code="c">ARFGC</subfield>
    <subfield code="e">rda</subfield>
    <subfield code="d">OCLCO</subfield>
    <subfield code="d">CUY</subfield>
    <subfield code="d">IXA</subfield>
    <subfield code="d">DLC</subfield>
  </datafield>
  <datafield tag="050" ind1="0" ind2="0">
    <subfield code="a">PQ7798.17.A529</subfield>
    <subfield code="b">M5 2016</subfield>
  </datafield>
  <datafield tag="100" ind1="1" ind2=" ">
    <subfield code="a">Gandolfo, Elvio E.,</subfield>
    <subfield code="d">1947-</subfield>
    <subfield code="e">author.</subfield>
  </datafield>
  <datafield tag="245" ind1="1" ind2="0">
    <subfield code="a">Mi mundo privado /</subfield>
    <subfield code="c">Elvio E. Gandolfo.</subfield>
  </datafield>
  <datafield tag="250" ind1=" " ind2=" ">
    <subfield code="a">1a. edición.</subfield>
  </datafield>
  <datafield tag="264" ind1=" " ind2="1">
    <subfield code="a">Buenos Aires :</subfield>
    <subfield code="b">Tusquets Editores,</subfield>
    <subfield code="c">septiembre de 2016.</subfield>
  </datafield>
  <datafield tag="300" ind1=" " ind2=" ">
    <subfield code="a">174 pages ;</subfield>
    <subfield code="c">21 cm.</subfield>
  </datafield>
  <datafield tag="336" ind1=" " ind2=" ">
    <subfield code="a">text</subfield>
    <subfield code="b">txt</subfield>
    <subfield code="2">rdacontent</subfield>
  </datafield>
  <datafield tag="337" ind1=" " ind2=" ">
    <subfield code="a">unmediated</subfield>
    <subfield code="b">n</subfield>
    <subfield code="2">rdamedia</subfield>
  </datafield>
  <datafield tag="338" ind1=" " ind2=" ">
    <subfield code="a">volume</subfield>
    <subfield code="b">nc</subfield>
    <subfield code="2">rdacarrier</subfield>
  </datafield>
  <datafield tag="490" ind1="1" ind2=" ">
    <subfield code="a">Colección Andanzas</subfield>
  </datafield>
  <datafield tag="505" ind1="0" ind2=" ">
    <subfield code="a">1. Mi mundo privado -- 2. No : tampoco -- 3. Tu mundo y el mío -- 4. No tengo tiempo -- 5. Mi historia privada -- 6. Con alas privadas o estatales -- 7. My own private Rosario -- 8. La forma del mundo -- 9. Las mantarrayas -- 10. La conversación -- 11. El centro y el borde -- 12. Contactos -- 13. Lluvia y caminata -- 14. Paisajes extraños -- 15. Tercera generación -- 16. Adentro -- 17. Habría pasado -- 18. O el espacio -- 19. Ángeles y demonios -- 20. El Gran Escape.</subfield>
  </datafield>
  <datafield tag="830" ind1=" " ind2="0">
    <subfield code="a">Colección Andanzas.</subfield>
  </datafield>
  <datafield tag="923" ind1=" " ind2=" ">
    <subfield code="d">20170323</subfield>
    <subfield code="n">317</subfield>
    <subfield code="s">AR-BaFGC</subfield>
  </datafield>
  <datafield tag="985" ind1=" " ind2=" ">
    <subfield code="e">VENDOR LOAD</subfield>
  </datafield>
</record>